@book{mathmodeling,
	title={Математичко моделирање },
	author={Милан Дражић},
	year={2017 },
	publisher={Универзитет у Београду, Математички факултет}
}

@book{fishhavresting,
	title={Fish Harvesting Models And Their
Applications in a reservoir in Saranda, Albania},
	author={Alfred DACI},
}

@book{fishanalysis,
	title={OPTIMUM HARVESTING MODELS FOR FISHERY POPULATIONS  },
	author={CORINNE WENTWORTH,  DR. MASAMI FUJIWARA and DR. JAY WALTON},
}

@book{optimalhavrest,
	title={Mathematical modeling of Fish Resources Harvesting with
Predator at Maximum Sustainable Yield },
	author={KinfeHailemariamHntsa and ZebebeTekaMengesha},
}

@book{fishingstrategies,
	title={Fish Harvesting Management Strategies UsingLogistic Growth Model},
	author={MOHAMED FARIS LAHAM, ISHTRINAYAGY S. KRISHNARAJAH& JAMILAH MOHD SHARIFF},
}

@book{limitedgrowth,
	title={Resource-Limited Growth},
	author={https://www.maths.usyd.edu.au/MATH3063/r/Chapter5.pdf},
}

